<record><leader>00000cas a2200000Ka 4500</leader><controlfield tag="001">26243447</controlfield><controlfield tag="008">920723c196u9999ctucr n       0    0eng d</controlfield><datafield ind1=" " ind2=" " tag="010"><subfield code="a">sn 93053963 </subfield></datafield><datafield ind1=" " ind2=" " tag="040"><subfield code="a">FEM</subfield><subfield code="b">eng</subfield><subfield code="c">FEM</subfield><subfield code="d">CNW</subfield><subfield code="d">OCLCQ</subfield></datafield><datafield ind1=" " ind2=" " tag="043"><subfield code="a">n-us-ct</subfield></datafield><datafield ind1="0" ind2=" " tag="130"><subfield code="a">Westport news (Westport, Conn.)</subfield></datafield><datafield ind1="1" ind2="0" tag="245"><subfield code="a">Westport news.</subfield></datafield><datafield ind1=" " ind2=" " tag="260"><subfield code="a">Westport, Conn. :</subfield><subfield code="b">Westport News, Inc.</subfield></datafield><datafield ind1=" " ind2=" " tag="300"><subfield code="a">v. :</subfield><subfield code="b">ill. ;</subfield><subfield code="c">44 cm.</subfield></datafield><datafield ind1=" " ind2=" " tag="310"><subfield code="a">Semiweekly</subfield></datafield><datafield ind1=" " ind2=" " tag="530"><subfield code="a">Available on microfilm from UMI.</subfield></datafield><datafield ind1=" " ind2=" " tag="588"><subfield code="a">Description based on: V. 9, no. 1 (Jan. 5, 1972).</subfield></datafield><datafield ind1=" " ind2="4" tag="651"><subfield code="a">Westport (Conn.)</subfield><subfield code="v">Newspapers.</subfield></datafield><datafield ind1=" " ind2="4" tag="651"><subfield code="a">Weston (Conn.)</subfield><subfield code="v">Newspapers.</subfield></datafield><datafield ind1=" " ind2=" " tag="752"><subfield code="a">United States</subfield><subfield code="b">Connecticut</subfield><subfield code="c">Fairfield</subfield><subfield code="d">Westport.</subfield></datafield></record>